<?xml version="1.0" encoding="UTF-8"?><collection xmlns="http://www.loc.gov/MARC21/slim"><record><leader>00463nam--2200169-i-4500</leader><controlfield tag="001">000022994</controlfield><controlfield tag="002">20161230</controlfield><controlfield tag="005">20161230201034</controlfield><controlfield tag="008">060222s1000------------r-----000-0-eng-d</controlfield><datafield ind1=" " ind2=" " tag="020"><subfield code="a">IFIN-HH</subfield></datafield><datafield ind1=" " ind2=" " tag="080"><subfield code="a">519.4</subfield></datafield><datafield ind1="1" ind2=" " tag="100"><subfield code="a">Ibrahim, Edward M</subfield></datafield><datafield ind1="1" ind2="0" tag="245"><subfield code="a">Tables for the plenthysm of s-function</subfield><subfield code="c">Edward m. ibrahim</subfield></datafield><datafield ind1=" " ind2=" " tag="260"><subfield code="a">Bangor</subfield><subfield code="b">University College Of N. Wales</subfield><subfield code="c">1970</subfield></datafield><datafield ind1=" " ind2=" " tag="300"><subfield code="a">5P.+11 PLANSE</subfield></datafield><datafield ind1=" " ind2=" " tag="852"><subfield code="a">33203</subfield><subfield code="c">519.4/5</subfield></datafield><datafield ind1=" " ind2=" " tag="CAT"><subfield code="a">Sys</subfield><subfield code="c">20130812</subfield><subfield code="h">154315</subfield></datafield></record></collection>